@misc{petsc-web-page,
  author       = {Satish Balay and Shrirang Abhyankar and Mark~F. Adams and Steven Benson and Jed
                  Brown and Peter Brune and Kris Buschelman and Emil~M. Constantinescu and Lisandro
                  Dalcin and Alp Dener and Victor Eijkhout and Jacob Faibussowitsch and William~D.
                  Gropp and V\'{a}clav Hapla and Tobin Isaac and Pierre Jolivet and Dmitry Karpeev
                  and Dinesh Kaushik and Matthew~G. Knepley and Fande Kong and Scott Kruger and
                  Dave~A. May and Lois Curfman McInnes and Richard Tran Mills and Lawrence Mitchell
                  and Todd Munson and Jose~E. Roman and Karl Rupp and Patrick Sanan and Jason Sarich
                  and Barry~F. Smith and Stefano Zampini and Hong Zhang and Hong Zhang and Junchao
                  Zhang},
  title        = {{PETS}c {W}eb page},
  url          = {https://petsc.org/},
  howpublished = {\url{https://petsc.org/}},
  year         = {2023}
}

@techreport{petsc-user-ref,
  author      = {Satish Balay and Shrirang Abhyankar and Mark~F. Adams and Steven Benson and Jed
                 Brown and Peter Brune and Kris Buschelman and Emil Constantinescu and Lisandro
                 Dalcin and Alp Dener and Victor Eijkhout and Jacob Faibussowitsch and William~D.
                 Gropp and V\'{a}clav Hapla and Tobin Isaac and Pierre Jolivet and Dmitry Karpeev
                 and Dinesh Kaushik and Matthew~G. Knepley and Fande Kong and Scott Kruger and
                 Dave~A. May and Lois Curfman McInnes and Richard Tran Mills and Lawrence Mitchell
                 and Todd Munson and Jose~E. Roman and Karl Rupp and Patrick Sanan and Jason Sarich
                 and Barry~F. Smith and Stefano Zampini and Hong Zhang and Hong Zhang and Junchao
                 Zhang},
  title       = {{PETSc/TAO} Users Manual},
  institution = {Argonne National Laboratory},
  number      = {ANL-21/39 - Revision 3.20},
  doi         = {10.2172/2205494},
  year        = {2023}
}

@article{lindgrenSPDEApproachGaussian2022,
  title        = {The {{SPDE}} Approach for {{Gaussian}} and Non-{{Gaussian}} Fields: 10 Years and Still Running},
  author       = {Lindgren, Finn and Bolin, David and Rue, H\r{a}vard},
  date         = {2022-08},
  journaltitle = {Spatial Statistics},
  shortjournal = {Spatial Statistics},
  volume       = {50},
  pages        = {100599}
}


@article{goodmansokal,
  title     = {Multigrid {M}onte {C}arlo method. {C}onceptual foundations},
  author    = {Goodman, Jonathan and Sokal, Alan D.},
  journal   = {Physical Review D},
  volume    = {40},
  number    = {6},
  pages     = {2035-2071},
  year      = {1989},
  publisher = {APS}
}


@inproceedings{adams2001,
  title     = {A Distributed Memory Unstructured Gauss-Seidel Algorithm for Multigrid Smoothers},
  booktitle = {Proceedings of the 2001 {{ACM}}/{{IEEE}} Conference on {{Supercomputing}}},
  author    = {Adams, Mark F.},
  year      = {2001},
  month     = nov,
  series    = {{{SC}} '01},
  pages     = {4},
  publisher = {Association for Computing Machinery},
  address   = {NY},
  doi       = {10.1145/582034.582038}
}


@article{gemangeman,
  author  = {Geman, Stuart and Geman, Donald},
  journal = {IEEE Transactions on Pattern Analysis and Machine Intelligence},
  title   = {Stochastic Relaxation, Gibbs Distributions, and the Bayesian Restoration of Images},
  year    = {1984},
  volume  = {PAMI-6},
  number  = {6},
  pages   = {721-741},
  doi     = {10.1109/TPAMI.1984.4767596}
}

@book{hackbuschMultiGridMethodsApplications1985,
  title     = {Multi-{{Grid Methods}} and {{Applications}}},
  author    = {Hackbusch, Wolfgang},
  date      = {1985},
  series    = {Springer {{Series}} in {{Computational Mathematics}}},
  volume    = {4},
  publisher = {Springer Berlin Heidelberg},
  location  = {Berlin, Heidelberg},
  doi       = {10.1007/978-3-662-02427-0}
}


@article{foxparker,
  title        = {Accelerated {{Gibbs}} Sampling of Normal Distributions Using Matrix Splittings and Polynomials},
  author       = {Fox, Colin and Parker, Albert},
  date         = {2017-11},
  journaltitle = {Bernoulli},
  volume       = {23},
  pages        = {3711--3743},
  publisher    = {{Bernoulli Society for Mathematical Statistics and Probability}},
  doi          = {10.3150/16-BEJ863}
}

@article{rue2001fast,
  title     = {{Fast sampling of Gaussian Markov random fields}},
  author    = {Rue, H{\aa}vard},
  journal   = {Journal of the Royal Statistical Society: Series B (Statistical Methodology)},
  volume    = {63},
  number    = {2},
  pages     = {325--338},
  year      = {2001},
  publisher = {Wiley Online Library}
}

@book{golubvanloan,
  author    = {Golub, Gene H. and Van Loan, Charles F.},
  title     = {Matrix Computations},
  publisher = {Johns Hopkins University Press},
  year      = {2013},
  doi       = {10.1137/1.9781421407944},
  address   = {Philadelphia, PA},
  edition   = {4th Edition}
}

@unpublished{kazashimuellerscheichl,
  author = {Kazashi, Yoshihito and MÃ¼ller, Eike and Scheichl, Robert},
  title  = {Multigrid Monte Carlo revisited},
  note   = {Manuscript in preparation},
  year   = {2024}
}

@software{intelmkl,
  title   = {Intel Math Kernel Library},
  url     = {https://software.intel.com/en-us/intel-mkl},
  version = {2024}
}

@inproceedings{hogwild,
  author    = {Johnson, Matthew J and Saunderson, James and Willsky, Alan},
  booktitle = {Advances in Neural Information Processing Systems},
  editor    = {C.J. Burges and L. Bottou and M. Welling and Z. Ghahramani and K.Q. Weinberger},
  pages     = {},
  publisher = {Curran Associates, Inc.},
  title     = {Analyzing Hogwild Parallel Gaussian Gibbs Sampling},
  volume    = {26},
  year      = {2013}
}

@inbook{parmultigrid,
  author    = {Edmond Chow and Robert D. Falgout and Jonathan J. Hu and Raymond S. Tuminaro and Ulrike Meier Yang},
  title     = {A Survey of Parallelization Techniques for Multigrid Solvers},
  booktitle = {Parallel Processing for Scientific Computing},
  chapter   = {10},
  pages     = {179-201},
  doi       = {10.1137/1.9780898718133.ch10}
}
